
@article{munroe2022,
	title = {Thinking through talking to yourself: Inner speech as a vehicle of conscious reasoning},
	author = {Munroe, Wade},
	year = {2022},
	month = {02},
	date = {2022-02-22},
	journal = {Philosophical Psychology},
	pages = {1--27},
	doi = {10.1080/09515089.2022.2042505},
	url = {http://dx.doi.org/10.1080/09515089.2022.2042505},
	langid = {en}
}

@inproceedings{jaynes1986,
	title = {Bayesian Methods: General Background},
	author = {Jaynes, E. T.},
	year = {1986},
	date = {1986}
}

@article{rubin1984,
	title = {Bayesianly Justifiable and Relevant Frequency Calculations for the Applied Statistician},
	author = {Rubin, Donald B.},
	year = {1984},
	month = {12},
	date = {1984-12-01},
	journal = {The Annals of Statistics},
	volume = {12},
	number = {4},
	doi = {10.1214/aos/1176346785},
	url = {http://dx.doi.org/10.1214/aos/1176346785}
}

@book{mcelreath2020,
	title = {Statistical rethinking: a Bayesian course with examples in R and Stan},
	author = {McElreath, Richard},
	year = {2020},
	date = {2020},
	publisher = {Taylor and Francis, CRC Press},
	series = {CRC texts in statistical science},
	edition = {2},
	address = {Boca Raton}
}

@book{mcelreath2020a,
	title = {Statistical rethinking: a Bayesian course with examples in R and Stan},
	author = {McElreath, Richard},
	year = {2020},
	date = {2020},
	publisher = {Taylor and Francis, CRC Press},
	series = {CRC texts in statistical science},
	edition = {2},
	address = {Boca Raton}
}

@book{mcelreath2020b,
	title = {Statistical rethinking: a Bayesian course with examples in R and Stan},
	author = {McElreath, Richard},
	year = {2020},
	date = {2020},
	publisher = {Taylor and Francis, CRC Press},
	series = {CRC texts in statistical science},
	edition = {2},
	address = {Boca Raton}
}

@book{carnap1971,
	title = {Logical foundations of probability},
	author = {Carnap, Rudolf},
	year = {1971},
	date = {1971},
	publisher = {Univ. of Chicago Press [u.a.]},
	edition = {4. impr},
	note = {OCLC: 225032526},
	address = {Chicago, Ill.]}
}

@book{keynes1921,
	title = {A Treatise On Probability},
	author = {Keynes, John Maynard},
	year = {1921},
	date = {1921},
	publisher = {Macmillan And Co.,},
	url = {http://archive.org/details/treatiseonprobab007528mbp},
	langid = {eng}
}

@article{pollard1987,
	title = {On the probability of making Type I errors},
	author = {Pollard, P. and Richardson, J. T.},
	year = {1987},
	date = {1987},
	journal = {Psychological Bulletin},
	pages = {159--163},
	volume = {102},
	number = {1},
	doi = {10.1037/0033-2909.102.1.159},
	note = {Place: US
Publisher: American Psychological Association}
}

@article{rouder2016,
	title = {Is There a Free Lunch in Inference?},
	author = {Rouder, Jeffrey N. and Morey, Richard D. and Verhagen, Josine and Province, Jordan M. and Wagenmakers, Eric-Jan},
	year = {2016},
	month = {07},
	date = {2016-07},
	journal = {Topics in Cognitive Science},
	pages = {520--547},
	volume = {8},
	number = {3},
	doi = {10.1111/tops.12214},
	url = {http://doi.wiley.com/10.1111/tops.12214},
	langid = {en}
}

@article{rouder2016a,
	title = {The Interplay between Subjectivity, Statistical Practice, and Psychological Science},
	author = {Rouder, Jeffrey N and Morey, Richard D and Wagenmakers, Eric-Jan},
	year = {2016},
	month = {05},
	date = {2016-05-11},
	journal = {Collabra},
	pages = {6},
	volume = {2},
	number = {1},
	doi = {10.1525/collabra.28},
	url = {http://www.collabra.org/article/10.1525/collabra.28/},
	langid = {en}
}

@article{gigerenzer2007,
	title = {Helping Doctors and Patients Make Sense of Health Statistics},
	author = {Gigerenzer, Gerd and Gaissmaier, Wolfgang and Kurz-Milcke, Elke and Schwartz, Lisa M. and Woloshin, Steven},
	year = {2007},
	month = {11},
	date = {2007-11},
	journal = {Psychological Science in the Public Interest},
	pages = {53--96},
	volume = {8},
	number = {2},
	doi = {10.1111/j.1539-6053.2008.00033.x},
	url = {http://journals.sagepub.com/doi/10.1111/j.1539-6053.2008.00033.x},
	langid = {en}
}

@book{kolmogorov1933,
	title = {Foundations of the theory of probability},
	author = {Kolmogorov, A. N},
	year = {1933},
	date = {1933},
	publisher = {New York, USA: Chelsea Publishing Company},
	note = {OCLC: 922835489},
	langid = {English}
}
